@misc{DIO_OBSPM,
  author       = {{l'Observatoire de Paris}},
  title        = {{DIO Supercomputer at the Paris Observatory}},
  howpublished = {\url{https://dio.obspm.fr/}},
  note         = {Accessed: 2025-07-26},
  year         = {2025}
}
