@incollection{koon2000dynamical,
  title={Dynamical systems, the three-body problem and space mission design},
  author={Koon, Wang Sang and Lo, Martin W and Marsden, Jerrold E and Ross, Shane D},
  booktitle={Equadiff 99: (In 2 Volumes)},
  pages={1167--1181},
  year={2000},
  publisher={World Scientific}
}