@ARTICLE{2023MNRAS.522.5740V,
       author = {{Vitral}, Eduardo and {Libralato}, Mattia and {Kremer}, Kyle and {Mamon}, Gary A. and {Bellini}, Andrea and {Bedin}, Luigi R. and {Anderson}, Jay},
        title = "{An elusive dark central mass in the globular cluster M4}",
      journal = {\mnras},
     keywords = {black hole physics, astrometry, proper motions, stars: black holes, stars: kinematics and dynamics, globular clusters: individual: M4 (NGC 6121), Astrophysics - Astrophysics of Galaxies, Astrophysics - High Energy Astrophysical Phenomena},
         year = 2023,
        month = jul,
       volume = {522},
       number = {4},
        pages = {5740-5757},
          doi = {10.1093/mnras/stad1068},
archivePrefix = {arXiv},
       eprint = {2305.12702},
 primaryClass = {astro-ph.GA},
       adsurl = {https://ui.adsabs.harvard.edu/abs/2023MNRAS.522.5740V},
      adsnote = {Provided by the SAO/NASA Astrophysics Data System}
}

@ARTICLE{2023A&A...673A..44F,
       author = {{Ferrone}, Salvatore and {Di Matteo}, Paola and {Mastrobuono-Battisti}, Alessandra and {Haywood}, Misha and {Snaith}, Owain N. and {Montuori}, Marco and {Khoperskov}, Sergey and {Valls-Gabaud}, David},
        title = "{The e-TidalGCs project. Modeling the extra-tidal features generated by Galactic globular clusters}",
      journal = {\aap},
     keywords = {globular clusters: general, Galaxy: structure, Galaxy: kinematics and dynamics, Galaxy: evolution, methods: numerical, Astrophysics - Astrophysics of Galaxies},
         year = 2023,
        month = may,
       volume = {673},
          eid = {A44},
        pages = {A44},
          doi = {10.1051/0004-6361/202244141},
archivePrefix = {arXiv},
       eprint = {2301.05166},
 primaryClass = {astro-ph.GA},
       adsurl = {https://ui.adsabs.harvard.edu/abs/2023A&A...673A..44F},
      adsnote = {Provided by the SAO/NASA Astrophysics Data System}
}

@ARTICLE{2023MNRAS.520.5225M,
       author = {{Mateu}, Cecilia},
        title = "{galstreams: A library of Milky Way stellar stream footprints and tracks}",
      journal = {\mnras},
     keywords = {Astronomical databases: catalogues, Software: public release, Galaxy: halo, Galaxy: structure, Astrophysics - Astrophysics of Galaxies},
         year = 2023,
        month = apr,
       volume = {520},
       number = {4},
        pages = {5225-5258},
          doi = {10.1093/mnras/stad321},
archivePrefix = {arXiv},
       eprint = {2204.10326},
 primaryClass = {astro-ph.GA},
       adsurl = {https://ui.adsabs.harvard.edu/abs/2023MNRAS.520.5225M},
      adsnote = {Provided by the SAO/NASA Astrophysics Data System}
}

@ARTICLE{2022ApJ...941L..38M,
       author = {{Malhan}, Khyati and {Valluri}, Monica and {Freese}, Katherine and {Ibata}, Rodrigo A.},
        title = "{New Constraints on the Dark Matter Density Profiles of Dwarf Galaxies from Proper Motions of Globular Cluster Streams}",
      journal = {\apjl},
     keywords = {Stellar streams, Surveys, Dark matter, Dwarf galaxies, Milky Way Galaxy, Globular star clusters, 2166, 1671, 353, 416, 1054, 656, Astrophysics - Astrophysics of Galaxies},
         year = 2022,
        month = dec,
       volume = {941},
       number = {2},
          eid = {L38},
        pages = {L38},
          doi = {10.3847/2041-8213/aca6e5},
archivePrefix = {arXiv},
       eprint = {2201.03571},
 primaryClass = {astro-ph.GA},
       adsurl = {https://ui.adsabs.harvard.edu/abs/2022ApJ...941L..38M},
      adsnote = {Provided by the SAO/NASA Astrophysics Data System}
}

@ARTICLE{2021MNRAS.505.5957B,
       author = {{Baumgardt}, H. and {Vasiliev}, E.},
        title = "{Accurate distances to Galactic globular clusters through a combination of Gaia EDR3, HST, and literature data}",
      journal = {\mnras},
     keywords = {stars: distances, globular clusters: general, Astrophysics - Astrophysics of Galaxies},
         year = 2021,
        month = aug,
       volume = {505},
       number = {4},
        pages = {5957-5977},
          doi = {10.1093/mnras/stab1474},
archivePrefix = {arXiv},
       eprint = {2105.09526},
 primaryClass = {astro-ph.GA},
       adsurl = {https://ui.adsabs.harvard.edu/abs/2021MNRAS.505.5957B},
      adsnote = {Provided by the SAO/NASA Astrophysics Data System}
}

@ARTICLE{2021MNRAS.505.5978V,
       author = {{Vasiliev}, Eugene and {Baumgardt}, Holger},
        title = "{Gaia EDR3 view on galactic globular clusters}",
      journal = {\mnras},
     keywords = {parallaxes, proper motions, globular clusters: general, Galaxy: kinematics and dynamics, Astrophysics - Astrophysics of Galaxies},
         year = 2021,
        month = aug,
       volume = {505},
       number = {4},
        pages = {5978-6002},
          doi = {10.1093/mnras/stab1475},
archivePrefix = {arXiv},
       eprint = {2102.09568},
 primaryClass = {astro-ph.GA},
       adsurl = {https://ui.adsabs.harvard.edu/abs/2021MNRAS.505.5978V},
      adsnote = {Provided by the SAO/NASA Astrophysics Data System}
}

@ARTICLE{2021yCat..74781520B,
       author = {{Baumgardt}, H. and {Hilker}, M.},
        title = "{VizieR Online Data Catalog: Milky Way globular clusters data (Baumgardt+, 2018)}",
      journal = {VizieR Online Data Catalog},
     keywords = {Milky Way, Clusters: globular, Stars: masses, Radial velocities, Velocity dispersion, Optical},
         year = 2021,
        month = jun,
          eid = {J/MNRAS/478/1520},
        pages = {J/MNRAS/478/1520},
       adsurl = {https://ui.adsabs.harvard.edu/abs/2021yCat..74781520B},
      adsnote = {Provided by the SAO/NASA Astrophysics Data System}
}

@MISC{2021hst..prop16791B,
       author = {{Bonaca}, Ana and {Conroy}, Charlie and {Hogg}, David W. and {Kallivayalil}, Nitya and {Price-Whelan}, Adrian and {Sohn}, Sangmo Tony and {van der Marel}, Roeland P.},
        title = "{Cold Dark Matter and the GD-1 Stellar Stream}",
 howpublished = {HST Proposal. Cycle 29, ID. \#16791},
         year = 2021,
        month = jun,
        pages = {16791},
       adsurl = {https://ui.adsabs.harvard.edu/abs/2021hst..prop16791B},
      adsnote = {Provided by the SAO/NASA Astrophysics Data System}
}

@ARTICLE{2021ApJ...914..123I,
       author = {{Ibata}, Rodrigo and {Malhan}, Khyati and {Martin}, Nicolas and {Aubert}, Dominique and {Famaey}, Benoit and {Bianchini}, Paolo and {Monari}, Giacomo and {Siebert}, Arnaud and {Thomas}, Guillaume F. and {Bellazzini}, Michele and {Bonifacio}, Piercarlo and {Caffau}, Elisabetta and {Renaud}, Florent},
        title = "{Charting the Galactic Acceleration Field. I. A Search for Stellar Streams with Gaia DR2 and EDR3 with Follow-up from ESPaDOnS and UVES}",
      journal = {\apj},
     keywords = {Milky Way Galaxy, Dark matter, 1054, 353, Astrophysics - Astrophysics of Galaxies},
         year = 2021,
        month = jun,
       volume = {914},
       number = {2},
          eid = {123},
        pages = {123},
          doi = {10.3847/1538-4357/abfcc2},
archivePrefix = {arXiv},
       eprint = {2012.05245},
 primaryClass = {astro-ph.GA},
       adsurl = {https://ui.adsabs.harvard.edu/abs/2021ApJ...914..123I},
      adsnote = {Provided by the SAO/NASA Astrophysics Data System}
}

@ARTICLE{2021A&A...650C...3G,
       author = {{Gaia Collaboration} and {Brown}, A.~G.~A. and {Vallenari}, A. and {Prusti}, T. and {de Bruijne}, J.~H.~J. and {Babusiaux}, C. and {Biermann}, M. and {Creevey}, O.~L. and {Evans}, D.~W. and {Eyer}, L. and {Hutton}, A. and {Jansen}, F. and {Jordi}, C. and {Klioner}, S.~A. and {Lammers}, U. and {Lindegren}, L. and {Luri}, X. and {Mignard}, F. and {Panem}, C. and {Pourbaix}, D. and {Randich}, S. and {Sartoretti}, P. and {Soubiran}, C. and {Walton}, N.~A. and {Arenou}, F. and {Bailer-Jones}, C.~A.~L. and {Bastian}, U. and {Cropper}, M. and {Drimmel}, R. and {Katz}, D. and {Lattanzi}, M.~G. and {van Leeuwen}, F. and {Bakker}, J. and {Cacciari}, C. and {Casta{\~n}eda}, J. and {De Angeli}, F. and {Ducourant}, C. and {Fabricius}, C. and {Fouesneau}, M. and {Fr{\'e}mat}, Y. and {Guerra}, R. and {Guerrier}, A. and {Guiraud}, J. and {Jean-Antoine Piccolo}, A. and {Masana}, E. and {Messineo}, R. and {Mowlavi}, N. and {Nicolas}, C. and {Nienartowicz}, K. and {Pailler}, F. and {Panuzzo}, P. and {Riclet}, F. and {Roux}, W. and {Seabroke}, G.~M. and {Sordo}, R. and {Tanga}, P. and {Th{\'e}venin}, F. and {Gracia-Abril}, G. and {Portell}, J. and {Teyssier}, D. and {Altmann}, M. and {Andrae}, R. and {Bellas-Velidis}, I. and {Benson}, K. and {Berthier}, J. and {Blomme}, R. and {Brugaletta}, E. and {Burgess}, P.~W. and {Busso}, G. and {Carry}, B. and {Cellino}, A. and {Cheek}, N. and {Clementini}, G. and {Damerdji}, Y. and {Davidson}, M. and {Delchambre}, L. and {Dell'Oro}, A. and {Fern{\'a}ndez-Hern{\'a}ndez}, J. and {Galluccio}, L. and {Garc{\'\i}a-Lario}, P. and {Garcia-Reinaldos}, M. and {Gonz{\'a}lez-N{\'u}{\~n}ez}, J. and {Gosset}, E. and {Haigron}, R. and {Halbwachs}, J. -L. and {Hambly}, N.~C. and {Harrison}, D.~L. and {Hatzidimitriou}, D. and {Heiter}, U. and {Hern{\'a}ndez}, J. and {Hestroffer}, D. and {Hodgkin}, S.~T. and {Holl}, B. and {Jan{\ss}en}, K. and {Jevardat de Fombelle}, G. and {Jordan}, S. and {Krone-Martins}, A. and {Lanzafame}, A.~C. and {L{\"o}ffler}, W. and {Lorca}, A. and {Manteiga}, M. and {Marchal}, O. and {Marrese}, P.~M. and {Moitinho}, A. and {Mora}, A. and {Muinonen}, K. and {Osborne}, P. and {Pancino}, E. and {Pauwels}, T. and {Petit}, J. -M. and {Recio-Blanco}, A. and {Richards}, P.~J. and {Riello}, M. and {Rimoldini}, L. and {Robin}, A.~C. and {Roegiers}, T. and {Rybizki}, J. and {Sarro}, L.~M. and {Siopis}, C. and {Smith}, M. and {Sozzetti}, A. and {Ulla}, A. and {Utrilla}, E. and {van Leeuwen}, M. and {van Reeven}, W. and {Abbas}, U. and {Abreu Aramburu}, A. and {Accart}, S. and {Aerts}, C. and {Aguado}, J.~J. and {Ajaj}, M. and {Altavilla}, G. and {{\'A}lvarez}, M.~A. and {{\'A}lvarez Cid-Fuentes}, J. and {Alves}, J. and {Anderson}, R.~I. and {Anglada Varela}, E. and {Antoja}, T. and {Audard}, M. and {Baines}, D. and {Baker}, S.~G. and {Balaguer-N{\'u}{\~n}ez}, L. and {Balbinot}, E. and {Balog}, Z. and {Barache}, C. and {Barbato}, D. and {Barros}, M. and {Barstow}, M.~A. and {Bartolom{\'e}}, S. and {Bassilana}, J. -L. and {Bauchet}, N. and {Baudesson-Stella}, A. and {Becciani}, U. and {Bellazzini}, M. and {Bernet}, M. and {Bertone}, S. and {Bianchi}, L. and {Blanco-Cuaresma}, S. and {Boch}, T. and {Bombrun}, A. and {Bossini}, D. and {Bouquillon}, S. and {Bragaglia}, A. and {Bramante}, L. and {Breedt}, E. and {Bressan}, A. and {Brouillet}, N. and {Bucciarelli}, B. and {Burlacu}, A. and {Busonero}, D. and {Butkevich}, A.~G. and {Buzzi}, R. and {Caffau}, E. and {Cancelliere}, R. and {C{\'a}novas}, H. and {Cantat-Gaudin}, T. and {Carballo}, R. and {Carlucci}, T. and {Carnerero}, M.~I. and {Carrasco}, J.~M. and {Casamiquela}, L. and {Castellani}, M. and {Castro-Ginard}, A. and {Castro Sampol}, P. and {Chaoul}, L. and {Charlot}, P. and {Chemin}, L. and {Chiavassa}, A. and {Cioni}, M. -R.~L. and {Comoretto}, G. and {Cooper}, W.~J. and {Cornez}, T. and {Cowell}, S. and {Crifo}, F. and {Crosta}, M. and {Crowley}, C. and {Dafonte}, C. and {Dapergolas}, A. and {David}, M. and {David}, P. and {de Laverny}, P. and {De Luise}, F. and {De March}, R. and {De Ridder}, J. and {de Souza}, R. and {de Teodoro}, P. and {de Torres}, A. and {del Peloso}, E.~F. and {del Pozo}, E. and {Delbo}, M. and {Delgado}, A. and {Delgado}, H.~E. and {Delisle}, J. -B. and {Di Matteo}, P. and {Diakite}, S. and {Diener}, C. and {Distefano}, E. and {Dolding}, C. and {Eappachen}, D. and {Edvardsson}, B. and {Enke}, H. and {Esquej}, P. and {Fabre}, C. and {Fabrizio}, M. and {Faigler}, S. and {Fedorets}, G. and {Fernique}, P. and {Fienga}, A. and {Figueras}, F. and {Fouron}, C. and {Fragkoudi}, F. and {Fraile}, E. and {Franke}, F. and {Gai}, M. and {Garabato}, D. and {Garcia-Gutierrez}, A. and {Garc{\'\i}a-Torres}, M. and {Garofalo}, A. and {Gavras}, P. and {Gerlach}, E. and {Geyer}, R. and {Giacobbe}, P. and {Gilmore}, G. and {Girona}, S. and {Giuffrida}, G. and {Gomel}, R. and {Gomez}, A. and {Gonzalez-Santamaria}, I. and {Gonz{\'a}lez-Vidal}, J.~J. and {Granvik}, M. and {Guti{\'e}rrez-S{\'a}nchez}, R. and {Guy}, L.~P. and {Hauser}, M. and {Haywood}, M. and {Helmi}, A. and {Hidalgo}, S.~L. and {Hilger}, T. and {H{\l}adczuk}, N. and {Hobbs}, D. and {Holland}, G. and {Huckle}, H.~E. and {Jasniewicz}, G. and {Jonker}, P.~G. and {Juaristi Campillo}, J. and {Julbe}, F. and {Karbevska}, L. and {Kervella}, P. and {Khanna}, S. and {Kochoska}, A. and {Kontizas}, M. and {Kordopatis}, G. and {Korn}, A.~J. and {Kostrzewa-Rutkowska}, Z. and {Kruszy{\'n}ska}, K. and {Lambert}, S. and {Lanza}, A.~F. and {Lasne}, Y. and {Le Campion}, J. -F. and {Le Fustec}, Y. and {Lebreton}, Y. and {Lebzelter}, T. and {Leccia}, S. and {Leclerc}, N. and {Lecoeur-Taibi}, I. and {Liao}, S. and {Licata}, E. and {Lindstr{\o}m}, H.~E.~P. and {Lister}, T.~A. and {Livanou}, E. and {Lobel}, A. and {Madrero Pardo}, P. and {Managau}, S. and {Mann}, R.~G. and {Marchant}, J.~M. and {Marconi}, M. and {Marcos Santos}, M.~M.~S. and {Marinoni}, S. and {Marocco}, F. and {Marshall}, D.~J. and {Martin Polo}, L. and {Mart{\'\i}n-Fleitas}, J.~M. and {Masip}, A. and {Massari}, D. and {Mastrobuono-Battisti}, A. and {Mazeh}, T. and {McMillan}, P.~J. and {Messina}, S. and {Michalik}, D. and {Millar}, N.~R. and {Mints}, A. and {Molina}, D. and {Molinaro}, R. and {Moln{\'a}r}, L. and {Montegriffo}, P. and {Mor}, R. and {Morbidelli}, R. and {Morel}, T. and {Morris}, D. and {Mulone}, A.~F. and {Munoz}, D. and {Muraveva}, T. and {Murphy}, C.~P. and {Musella}, I. and {Noval}, L. and {Ord{\'e}novic}, C. and {Orr{\`u}}, G. and {Osinde}, J. and {Pagani}, C. and {Pagano}, I. and {Palaversa}, L. and {Palicio}, P.~A. and {Panahi}, A. and {Pawlak}, M. and {Pe{\~n}alosa Esteller}, X. and {Penttil{\"a}}, A. and {Piersimoni}, A.~M. and {Pineau}, F. -X. and {Plachy}, E. and {Plum}, G. and {Poggio}, E. and {Poretti}, E. and {Poujoulet}, E. and {Pr{\v{s}}a}, A. and {Pulone}, L. and {Racero}, E. and {Ragaini}, S. and {Rainer}, M. and {Raiteri}, C.~M. and {Rambaux}, N. and {Ramos}, P. and {Ramos-Lerate}, M. and {Re Fiorentin}, P. and {Regibo}, S. and {Reyl{\'e}}, C. and {Ripepi}, V. and {Riva}, A. and {Rixon}, G. and {Robichon}, N. and {Robin}, C. and {Roelens}, M. and {Rohrbasser}, L. and {Romero-G{\'o}mez}, M. and {Rowell}, N. and {Royer}, F. and {Rybicki}, K.~A. and {Sadowski}, G. and {Sagrist{\`a} Sell{\'e}s}, A. and {Sahlmann}, J. and {Salgado}, J. and {Salguero}, E. and {Samaras}, N. and {Sanchez Gimenez}, V. and {Sanna}, N. and {Santove{\~n}a}, R. and {Sarasso}, M. and {Schultheis}, M. and {Sciacca}, E. and {Segol}, M. and {Segovia}, J.~C. and {S{\'e}gransan}, D. and {Semeux}, D. and {Shahaf}, S. and {Siddiqui}, H.~I. and {Siebert}, A. and {Siltala}, L. and {Slezak}, E. and {Smart}, R.~L. and {Solano}, E. and {Solitro}, F. and {Souami}, D. and {Souchay}, J. and {Spagna}, A. and {Spoto}, F. and {Steele}, I.~A. and {Steidelm{\"u}ller}, H. and {Stephenson}, C.~A. and {S{\"u}veges}, M. and {Szabados}, L. and {Szegedi-Elek}, E. and {Taris}, F. and {Tauran}, G. and {Taylor}, M.~B. and {Teixeira}, R. and {Thuillot}, W. and {Tonello}, N. and {Torra}, F. and {Torra}, J. and {Turon}, C. and {Unger}, N. and {Vaillant}, M. and {van Dillen}, E. and {Vanel}, O. and {Vecchiato}, A. and {Viala}, Y. and {Vicente}, D. and {Voutsinas}, S. and {Weiler}, M. and {Wevers}, T. and {Wyrzykowski}, {\L}. and {Yoldas}, A. and {Yvard}, P. and {Zhao}, H. and {Zorec}, J. and {Zucker}, S. and {Zurbach}, C. and {Zwitter}, T.},
        title = "{Gaia Early Data Release 3. Summary of the contents and survey properties (Corrigendum)}",
      journal = {\aap},
     keywords = {catalogs, astrometry, parallaxes, proper motions, techniques: photometric, errata, addenda},
         year = 2021,
        month = jun,
       volume = {650},
          eid = {C3},
        pages = {C3},
          doi = {10.1051/0004-6361/202039657e},
       adsurl = {https://ui.adsabs.harvard.edu/abs/2021A&A...650C...3G},
      adsnote = {Provided by the SAO/NASA Astrophysics Data System}
}

@ARTICLE{2020MNRAS.498.2472K,
       author = {{Kruijssen}, J.~M. Diederik and {Pfeffer}, Joel L. and {Chevance}, M{\'e}lanie and {Bonaca}, Ana and {Trujillo-Gomez}, Sebastian and {Bastian}, Nate and {Reina-Campos}, Marta and {Crain}, Robert A. and {Hughes}, Meghan E.},
        title = "{Kraken reveals itself - the merger history of the Milky Way reconstructed with the E-MOSAICS simulations}",
      journal = {\mnras},
     keywords = {Galaxy: formation, globular clusters: general, galaxies: evolution, galaxies: formation, galaxies: haloes, galaxies: star formation, Astrophysics - Astrophysics of Galaxies},
         year = 2020,
        month = oct,
       volume = {498},
       number = {2},
        pages = {2472-2491},
          doi = {10.1093/mnras/staa2452},
archivePrefix = {arXiv},
       eprint = {2003.01119},
 primaryClass = {astro-ph.GA},
       adsurl = {https://ui.adsabs.harvard.edu/abs/2020MNRAS.498.2472K},
      adsnote = {Provided by the SAO/NASA Astrophysics Data System}
}

@INPROCEEDINGS{2020IAUS..351..451H,
       author = {{Hilker}, Michael and {Baumgardt}, Holger and {Sollima}, Antonio and {Bellini}, Andrea},
        title = "{Galactic Globular Clusters: A new catalog of masses, structural parameters, velocity dispersion profiles, proper motions and space orbits}",
     keywords = {Galaxy: globular clusters: general, stars: kinematics, stars: luminosity function, mass function, catalogs, methods: n-body simulations, Astrophysics - Astrophysics of Galaxies},
    booktitle = {Star Clusters: From the Milky Way to the Early Universe},
         year = 2020,
       editor = {{Bragaglia}, Angela and {Davies}, Melvyn and {Sills}, Alison and {Vesperini}, Enrico},
       volume = {351},
        month = jan,
        pages = {451-454},
          doi = {10.1017/S1743921319006823},
archivePrefix = {arXiv},
       eprint = {1908.02778},
 primaryClass = {astro-ph.GA},
       adsurl = {https://ui.adsabs.harvard.edu/abs/2020IAUS..351..451H},
      adsnote = {Provided by the SAO/NASA Astrophysics Data System}
}

@ARTICLE{2019ApJ...886L...7M,
       author = {{Malhan}, Khyati and {Ibata}, Rodrigo A. and {Carlberg}, Raymond G. and {Bellazzini}, Michele and {Famaey}, Benoit and {Martin}, Nicolas F.},
        title = "{Phase-space Correlation in Stellar Streams of the Milky Way Halo: The Clash of Kshir and GD-1}",
      journal = {\apjl},
     keywords = {Globular star clusters, Dark matter, Stellar kinematics, Milky Way stellar halo, 656, 353, 1608, 1060, Astrophysics - Astrophysics of Galaxies},
         year = 2019,
        month = nov,
       volume = {886},
       number = {1},
          eid = {L7},
        pages = {L7},
          doi = {10.3847/2041-8213/ab530e},
archivePrefix = {arXiv},
       eprint = {1911.00009},
 primaryClass = {astro-ph.GA},
       adsurl = {https://ui.adsabs.harvard.edu/abs/2019ApJ...886L...7M},
      adsnote = {Provided by the SAO/NASA Astrophysics Data System}
}

@ARTICLE{2019ApJ...881..106M,
       author = {{Malhan}, Khyati and {Ibata}, Rodrigo A. and {Carlberg}, Raymond G. and {Valluri}, Monica and {Freese}, Katherine},
        title = "{Butterfly in a Cocoon, Understanding the Origin and Morphology of Globular Cluster Streams: The Case of GD-1}",
      journal = {\apj},
     keywords = {Galaxy: formation, Galaxy: halo, Galaxy: structure, globular clusters: general, stars: kinematics and dynamics, Astrophysics - Astrophysics of Galaxies},
         year = 2019,
        month = aug,
       volume = {881},
       number = {2},
          eid = {106},
        pages = {106},
          doi = {10.3847/1538-4357/ab2e07},
archivePrefix = {arXiv},
       eprint = {1903.08141},
 primaryClass = {astro-ph.GA},
       adsurl = {https://ui.adsabs.harvard.edu/abs/2019ApJ...881..106M},
      adsnote = {Provided by the SAO/NASA Astrophysics Data System}
}

@ARTICLE{2019MNRAS.486.2995M,
       author = {{Malhan}, Khyati and {Ibata}, Rodrigo A.},
        title = "{Constraining the Milky Way halo potential with the GD-1 stellar stream}",
      journal = {\mnras},
     keywords = {stars: kinematics and dynamics, Galaxy: fundamental parameters, Galaxy: halo, Galaxy: structure, dark matter, Astrophysics - Astrophysics of Galaxies},
         year = 2019,
        month = jul,
       volume = {486},
       number = {3},
        pages = {2995-3005},
          doi = {10.1093/mnras/stz1035},
archivePrefix = {arXiv},
       eprint = {1807.05994},
 primaryClass = {astro-ph.GA},
       adsurl = {https://ui.adsabs.harvard.edu/abs/2019MNRAS.486.2995M},
      adsnote = {Provided by the SAO/NASA Astrophysics Data System}
}

@ARTICLE{2019MNRAS.483.1400H,
       author = {{H{\'e}nault-Brunet}, V. and {Gieles}, M. and {Sollima}, A. and {Watkins}, L.~L. and {Zocchi}, A. and {Claydon}, I. and {Pancino}, E. and {Baumgardt}, H.},
        title = "{Mass modelling globular clusters in the Gaiaera: a method comparison using mock data from an N-body simulation of M 4}",
      journal = {\mnras},
     keywords = {galaxies: star clusters: general, globular clusters: general, stars: kinematics and dynamics, Astrophysics - Astrophysics of Galaxies},
         year = 2019,
        month = feb,
       volume = {483},
       number = {1},
        pages = {1400-1425},
          doi = {10.1093/mnras/sty3187},
archivePrefix = {arXiv},
       eprint = {1810.05167},
 primaryClass = {astro-ph.GA},
       adsurl = {https://ui.adsabs.harvard.edu/abs/2019MNRAS.483.1400H},
      adsnote = {Provided by the SAO/NASA Astrophysics Data System}
}

@ARTICLE{2018ApJ...863L..20P,
       author = {{Price-Whelan}, Adrian M. and {Bonaca}, Ana},
        title = "{Off the Beaten Path: Gaia Reveals GD-1 Stars outside of the Main Stream}",
      journal = {\apjl},
     keywords = {dark matter, Galaxy: halo, Galaxy: kinematics and dynamics, Astrophysics - Astrophysics of Galaxies},
         year = 2018,
        month = aug,
       volume = {863},
       number = {2},
          eid = {L20},
        pages = {L20},
          doi = {10.3847/2041-8213/aad7b5},
archivePrefix = {arXiv},
       eprint = {1805.00425},
 primaryClass = {astro-ph.GA},
       adsurl = {https://ui.adsabs.harvard.edu/abs/2018ApJ...863L..20P},
      adsnote = {Provided by the SAO/NASA Astrophysics Data System}
}

@ARTICLE{2018A&A...616A...1G,
       author = {{Gaia Collaboration} and {Brown}, A.~G.~A. and {Vallenari}, A. and {Prusti}, T. and {de Bruijne}, J.~H.~J. and {Babusiaux}, C. and {Bailer-Jones}, C.~A.~L. and {Biermann}, M. and {Evans}, D.~W. and {Eyer}, L. and {Jansen}, F. and {Jordi}, C. and {Klioner}, S.~A. and {Lammers}, U. and {Lindegren}, L. and {Luri}, X. and {Mignard}, F. and {Panem}, C. and {Pourbaix}, D. and {Randich}, S. and {Sartoretti}, P. and {Siddiqui}, H.~I. and {Soubiran}, C. and {van Leeuwen}, F. and {Walton}, N.~A. and {Arenou}, F. and {Bastian}, U. and {Cropper}, M. and {Drimmel}, R. and {Katz}, D. and {Lattanzi}, M.~G. and {Bakker}, J. and {Cacciari}, C. and {Casta{\~n}eda}, J. and {Chaoul}, L. and {Cheek}, N. and {De Angeli}, F. and {Fabricius}, C. and {Guerra}, R. and {Holl}, B. and {Masana}, E. and {Messineo}, R. and {Mowlavi}, N. and {Nienartowicz}, K. and {Panuzzo}, P. and {Portell}, J. and {Riello}, M. and {Seabroke}, G.~M. and {Tanga}, P. and {Th{\'e}venin}, F. and {Gracia-Abril}, G. and {Comoretto}, G. and {Garcia-Reinaldos}, M. and {Teyssier}, D. and {Altmann}, M. and {Andrae}, R. and {Audard}, M. and {Bellas-Velidis}, I. and {Benson}, K. and {Berthier}, J. and {Blomme}, R. and {Burgess}, P. and {Busso}, G. and {Carry}, B. and {Cellino}, A. and {Clementini}, G. and {Clotet}, M. and {Creevey}, O. and {Davidson}, M. and {De Ridder}, J. and {Delchambre}, L. and {Dell'Oro}, A. and {Ducourant}, C. and {Fern{\'a}ndez-Hern{\'a}ndez}, J. and {Fouesneau}, M. and {Fr{\'e}mat}, Y. and {Galluccio}, L. and {Garc{\'\i}a-Torres}, M. and {Gonz{\'a}lez-N{\'u}{\~n}ez}, J. and {Gonz{\'a}lez-Vidal}, J.~J. and {Gosset}, E. and {Guy}, L.~P. and {Halbwachs}, J. -L. and {Hambly}, N.~C. and {Harrison}, D.~L. and {Hern{\'a}ndez}, J. and {Hestroffer}, D. and {Hodgkin}, S.~T. and {Hutton}, A. and {Jasniewicz}, G. and {Jean-Antoine-Piccolo}, A. and {Jordan}, S. and {Korn}, A.~J. and {Krone-Martins}, A. and {Lanzafame}, A.~C. and {Lebzelter}, T. and {L{\"o}ffler}, W. and {Manteiga}, M. and {Marrese}, P.~M. and {Mart{\'\i}n-Fleitas}, J.~M. and {Moitinho}, A. and {Mora}, A. and {Muinonen}, K. and {Osinde}, J. and {Pancino}, E. and {Pauwels}, T. and {Petit}, J. -M. and {Recio-Blanco}, A. and {Richards}, P.~J. and {Rimoldini}, L. and {Robin}, A.~C. and {Sarro}, L.~M. and {Siopis}, C. and {Smith}, M. and {Sozzetti}, A. and {S{\"u}veges}, M. and {Torra}, J. and {van Reeven}, W. and {Abbas}, U. and {Abreu Aramburu}, A. and {Accart}, S. and {Aerts}, C. and {Altavilla}, G. and {{\'A}lvarez}, M.~A. and {Alvarez}, R. and {Alves}, J. and {Anderson}, R.~I. and {Andrei}, A.~H. and {Anglada Varela}, E. and {Antiche}, E. and {Antoja}, T. and {Arcay}, B. and {Astraatmadja}, T.~L. and {Bach}, N. and {Baker}, S.~G. and {Balaguer-N{\'u}{\~n}ez}, L. and {Balm}, P. and {Barache}, C. and {Barata}, C. and {Barbato}, D. and {Barblan}, F. and {Barklem}, P.~S. and {Barrado}, D. and {Barros}, M. and {Barstow}, M.~A. and {Bartholom{\'e} Mu{\~n}oz}, S. and {Bassilana}, J. -L. and {Becciani}, U. and {Bellazzini}, M. and {Berihuete}, A. and {Bertone}, S. and {Bianchi}, L. and {Bienaym{\'e}}, O. and {Blanco-Cuaresma}, S. and {Boch}, T. and {Boeche}, C. and {Bombrun}, A. and {Borrachero}, R. and {Bossini}, D. and {Bouquillon}, S. and {Bourda}, G. and {Bragaglia}, A. and {Bramante}, L. and {Breddels}, M.~A. and {Bressan}, A. and {Brouillet}, N. and {Br{\"u}semeister}, T. and {Brugaletta}, E. and {Bucciarelli}, B. and {Burlacu}, A. and {Busonero}, D. and {Butkevich}, A.~G. and {Buzzi}, R. and {Caffau}, E. and {Cancelliere}, R. and {Cannizzaro}, G. and {Cantat-Gaudin}, T. and {Carballo}, R. and {Carlucci}, T. and {Carrasco}, J.~M. and {Casamiquela}, L. and {Castellani}, M. and {Castro-Ginard}, A. and {Charlot}, P. and {Chemin}, L. and {Chiavassa}, A. and {Cocozza}, G. and {Costigan}, G. and {Cowell}, S. and {Crifo}, F. and {Crosta}, M. and {Crowley}, C. and {Cuypers}, J. and {Dafonte}, C. and {Damerdji}, Y. and {Dapergolas}, A. and {David}, P. and {David}, M. and {de Laverny}, P. and {De Luise}, F. and {De March}, R. and {de Martino}, D. and {de Souza}, R. and {de Torres}, A. and {Debosscher}, J. and {del Pozo}, E. and {Delbo}, M. and {Delgado}, A. and {Delgado}, H.~E. and {Di Matteo}, P. and {Diakite}, S. and {Diener}, C. and {Distefano}, E. and {Dolding}, C. and {Drazinos}, P. and {Dur{\'a}n}, J. and {Edvardsson}, B. and {Enke}, H. and {Eriksson}, K. and {Esquej}, P. and {Eynard Bontemps}, G. and {Fabre}, C. and {Fabrizio}, M. and {Faigler}, S. and {Falc{\~a}o}, A.~J. and {Farr{\`a}s Casas}, M. and {Federici}, L. and {Fedorets}, G. and {Fernique}, P. and {Figueras}, F. and {Filippi}, F. and {Findeisen}, K. and {Fonti}, A. and {Fraile}, E. and {Fraser}, M. and {Fr{\'e}zouls}, B. and {Gai}, M. and {Galleti}, S. and {Garabato}, D. and {Garc{\'\i}a-Sedano}, F. and {Garofalo}, A. and {Garralda}, N. and {Gavel}, A. and {Gavras}, P. and {Gerssen}, J. and {Geyer}, R. and {Giacobbe}, P. and {Gilmore}, G. and {Girona}, S. and {Giuffrida}, G. and {Glass}, F. and {Gomes}, M. and {Granvik}, M. and {Gueguen}, A. and {Guerrier}, A. and {Guiraud}, J. and {Guti{\'e}rrez-S{\'a}nchez}, R. and {Haigron}, R. and {Hatzidimitriou}, D. and {Hauser}, M. and {Haywood}, M. and {Heiter}, U. and {Helmi}, A. and {Heu}, J. and {Hilger}, T. and {Hobbs}, D. and {Hofmann}, W. and {Holland}, G. and {Huckle}, H.~E. and {Hypki}, A. and {Icardi}, V. and {Jan{\ss}en}, K. and {Jevardat de Fombelle}, G. and {Jonker}, P.~G. and {Juh{\'a}sz}, {\'A}. L. and {Julbe}, F. and {Karampelas}, A. and {Kewley}, A. and {Klar}, J. and {Kochoska}, A. and {Kohley}, R. and {Kolenberg}, K. and {Kontizas}, M. and {Kontizas}, E. and {Koposov}, S.~E. and {Kordopatis}, G. and {Kostrzewa-Rutkowska}, Z. and {Koubsky}, P. and {Lambert}, S. and {Lanza}, A.~F. and {Lasne}, Y. and {Lavigne}, J. -B. and {Le Fustec}, Y. and {Le Poncin-Lafitte}, C. and {Lebreton}, Y. and {Leccia}, S. and {Leclerc}, N. and {Lecoeur-Taibi}, I. and {Lenhardt}, H. and {Leroux}, F. and {Liao}, S. and {Licata}, E. and {Lindstr{\o}m}, H.~E.~P. and {Lister}, T.~A. and {Livanou}, E. and {Lobel}, A. and {L{\'o}pez}, M. and {Managau}, S. and {Mann}, R.~G. and {Mantelet}, G. and {Marchal}, O. and {Marchant}, J.~M. and {Marconi}, M. and {Marinoni}, S. and {Marschalk{\'o}}, G. and {Marshall}, D.~J. and {Martino}, M. and {Marton}, G. and {Mary}, N. and {Massari}, D. and {Matijevi{\v{c}}}, G. and {Mazeh}, T. and {McMillan}, P.~J. and {Messina}, S. and {Michalik}, D. and {Millar}, N.~R. and {Molina}, D. and {Molinaro}, R. and {Moln{\'a}r}, L. and {Montegriffo}, P. and {Mor}, R. and {Morbidelli}, R. and {Morel}, T. and {Morris}, D. and {Mulone}, A.~F. and {Muraveva}, T. and {Musella}, I. and {Nelemans}, G. and {Nicastro}, L. and {Noval}, L. and {O'Mullane}, W. and {Ord{\'e}novic}, C. and {Ord{\'o}{\~n}ez-Blanco}, D. and {Osborne}, P. and {Pagani}, C. and {Pagano}, I. and {Pailler}, F. and {Palacin}, H. and {Palaversa}, L. and {Panahi}, A. and {Pawlak}, M. and {Piersimoni}, A.~M. and {Pineau}, F. -X. and {Plachy}, E. and {Plum}, G. and {Poggio}, E. and {Poujoulet}, E. and {Pr{\v{s}}a}, A. and {Pulone}, L. and {Racero}, E. and {Ragaini}, S. and {Rambaux}, N. and {Ramos-Lerate}, M. and {Regibo}, S. and {Reyl{\'e}}, C. and {Riclet}, F. and {Ripepi}, V. and {Riva}, A. and {Rivard}, A. and {Rixon}, G. and {Roegiers}, T. and {Roelens}, M. and {Romero-G{\'o}mez}, M. and {Rowell}, N. and {Royer}, F. and {Ruiz-Dern}, L. and {Sadowski}, G. and {Sagrist{\`a} Sell{\'e}s}, T. and {Sahlmann}, J. and {Salgado}, J. and {Salguero}, E. and {Sanna}, N. and {Santana-Ros}, T. and {Sarasso}, M. and {Savietto}, H. and {Schultheis}, M. and {Sciacca}, E. and {Segol}, M. and {Segovia}, J.~C. and {S{\'e}gransan}, D. and {Shih}, I. -C. and {Siltala}, L. and {Silva}, A.~F. and {Smart}, R.~L. and {Smith}, K.~W. and {Solano}, E. and {Solitro}, F. and {Sordo}, R. and {Soria Nieto}, S. and {Souchay}, J. and {Spagna}, A. and {Spoto}, F. and {Stampa}, U. and {Steele}, I.~A. and {Steidelm{\"u}ller}, H. and {Stephenson}, C.~A. and {Stoev}, H. and {Suess}, F.~F. and {Surdej}, J. and {Szabados}, L. and {Szegedi-Elek}, E. and {Tapiador}, D. and {Taris}, F. and {Tauran}, G. and {Taylor}, M.~B. and {Teixeira}, R. and {Terrett}, D. and {Teyssandier}, P. and {Thuillot}, W. and {Titarenko}, A. and {Torra Clotet}, F. and {Turon}, C. and {Ulla}, A. and {Utrilla}, E. and {Uzzi}, S. and {Vaillant}, M. and {Valentini}, G. and {Valette}, V. and {van Elteren}, A. and {Van Hemelryck}, E. and {van Leeuwen}, M. and {Vaschetto}, M. and {Vecchiato}, A. and {Veljanoski}, J. and {Viala}, Y. and {Vicente}, D. and {Vogt}, S. and {von Essen}, C. and {Voss}, H. and {Votruba}, V. and {Voutsinas}, S. and {Walmsley}, G. and {Weiler}, M. and {Wertz}, O. and {Wevers}, T. and {Wyrzykowski}, {\L}. and {Yoldas}, A. and {{\v{Z}}erjal}, M. and {Ziaeepour}, H. and {Zorec}, J. and {Zschocke}, S. and {Zucker}, S. and {Zurbach}, C. and {Zwitter}, T.},
        title = "{Gaia Data Release 2. Summary of the contents and survey properties}",
      journal = {\aap},
     keywords = {catalogs, astrometry, techniques: radial velocities, stars: fundamental parameters, stars: variables: general, minor planets, asteroids: general, Astrophysics - Astrophysics of Galaxies, Astrophysics - Instrumentation and Methods for Astrophysics},
         year = 2018,
        month = aug,
       volume = {616},
          eid = {A1},
        pages = {A1},
          doi = {10.1051/0004-6361/201833051},
archivePrefix = {arXiv},
       eprint = {1804.09365},
 primaryClass = {astro-ph.GA},
       adsurl = {https://ui.adsabs.harvard.edu/abs/2018A&A...616A...1G},
      adsnote = {Provided by the SAO/NASA Astrophysics Data System}
}

@ARTICLE{2018MNRAS.474.2479B,
       author = {{Balbinot}, Eduardo and {Gieles}, Mark},
        title = "{The devil is in the tails: the role of globular cluster mass evolution on stream properties}",
      journal = {\mnras},
     keywords = {globular clusters: general, Galaxy: structure, Astrophysics - Astrophysics of Galaxies, Astrophysics - Cosmology and Nongalactic Astrophysics},
         year = 2018,
        month = feb,
       volume = {474},
       number = {2},
        pages = {2479-2492},
          doi = {10.1093/mnras/stx2708},
archivePrefix = {arXiv},
       eprint = {1702.02543},
 primaryClass = {astro-ph.GA},
       adsurl = {https://ui.adsabs.harvard.edu/abs/2018MNRAS.474.2479B},
      adsnote = {Provided by the SAO/NASA Astrophysics Data System}
}

@ARTICLE{2017MNRAS.467.2446B,
       author = {{Binney}, James and {Wong}, Leong Khim},
        title = "{Modelling the Milky Way's globular cluster system}",
      journal = {\mnras},
     keywords = {Galaxy: kinematics and dynamics, globular clusters: general, methods: data analysis, Astrophysics - Astrophysics of Galaxies},
         year = 2017,
        month = may,
       volume = {467},
       number = {2},
        pages = {2446-2457},
          doi = {10.1093/mnras/stx234},
archivePrefix = {arXiv},
       eprint = {1701.06995},
 primaryClass = {astro-ph.GA},
       adsurl = {https://ui.adsabs.harvard.edu/abs/2017MNRAS.467.2446B},
      adsnote = {Provided by the SAO/NASA Astrophysics Data System}
}

@ARTICLE{2017A&A...598A..66P,
       author = {{Pouliasis}, E. and {Di Matteo}, P. and {Haywood}, M.},
        title = "{A Milky Way with a massive, centrally concentrated thick disc: new Galactic mass models for orbit computations}",
      journal = {\aap},
     keywords = {Galaxy: structure, Galaxy: disk, Galaxy: kinematics and dynamics, Astrophysics - Astrophysics of Galaxies},
         year = 2017,
        month = feb,
       volume = {598},
          eid = {A66},
        pages = {A66},
          doi = {10.1051/0004-6361/201527346},
archivePrefix = {arXiv},
       eprint = {1611.07979},
 primaryClass = {astro-ph.GA},
       adsurl = {https://ui.adsabs.harvard.edu/abs/2017A&A...598A..66P},
      adsnote = {Provided by the SAO/NASA Astrophysics Data System}
}

@ARTICLE{2017MNRAS.465...76M,
       author = {{McMillan}, Paul J.},
        title = "{The mass distribution and gravitational potential of the Milky Way}",
      journal = {\mnras},
     keywords = {methods: statistical, Galaxy: fundamental parameters, Galaxy: kinematics and dynamics, Galaxy: structure, Astrophysics - Astrophysics of Galaxies},
         year = 2017,
        month = feb,
       volume = {465},
       number = {1},
        pages = {76-94},
          doi = {10.1093/mnras/stw2759},
archivePrefix = {arXiv},
       eprint = {1608.00971},
 primaryClass = {astro-ph.GA},
       adsurl = {https://ui.adsabs.harvard.edu/abs/2017MNRAS.465...76M},
      adsnote = {Provided by the SAO/NASA Astrophysics Data System}
}

@ARTICLE{2017MNRAS.464.2174B,
       author = {{Baumgardt}, H.},
        title = "{N -body modelling of globular clusters: masses, mass-to-light ratios and intermediate-mass black holes}",
      journal = {\mnras},
     keywords = {stars: luminosity function, mass function, globular clusters: general, globular clusters: individual: {\ensuremath{\omega}} Cen, Astrophysics - Astrophysics of Galaxies},
         year = 2017,
        month = jan,
       volume = {464},
       number = {2},
        pages = {2174-2202},
          doi = {10.1093/mnras/stw2488},
archivePrefix = {arXiv},
       eprint = {1609.08794},
 primaryClass = {astro-ph.GA},
       adsurl = {https://ui.adsabs.harvard.edu/abs/2017MNRAS.464.2174B},
      adsnote = {Provided by the SAO/NASA Astrophysics Data System}
}

@ARTICLE{2016A&A...595A...1G,
       author = {{Gaia Collaboration} and {Prusti}, T. and {de Bruijne}, J.~H.~J. and {Brown}, A.~G.~A. and {Vallenari}, A. and {Babusiaux}, C. and {Bailer-Jones}, C.~A.~L. and {Bastian}, U. and {Biermann}, M. and {Evans}, D.~W. and {Eyer}, L. and {Jansen}, F. and {Jordi}, C. and {Klioner}, S.~A. and {Lammers}, U. and {Lindegren}, L. and {Luri}, X. and {Mignard}, F. and {Milligan}, D.~J. and {Panem}, C. and {Poinsignon}, V. and {Pourbaix}, D. and {Randich}, S. and {Sarri}, G. and {Sartoretti}, P. and {Siddiqui}, H.~I. and {Soubiran}, C. and {Valette}, V. and {van Leeuwen}, F. and {Walton}, N.~A. and {Aerts}, C. and {Arenou}, F. and {Cropper}, M. and {Drimmel}, R. and {H{\o}g}, E. and {Katz}, D. and {Lattanzi}, M.~G. and {O'Mullane}, W. and {Grebel}, E.~K. and {Holland}, A.~D. and {Huc}, C. and {Passot}, X. and {Bramante}, L. and {Cacciari}, C. and {Casta{\~n}eda}, J. and {Chaoul}, L. and {Cheek}, N. and {De Angeli}, F. and {Fabricius}, C. and {Guerra}, R. and {Hern{\'a}ndez}, J. and {Jean-Antoine-Piccolo}, A. and {Masana}, E. and {Messineo}, R. and {Mowlavi}, N. and {Nienartowicz}, K. and {Ord{\'o}{\~n}ez-Blanco}, D. and {Panuzzo}, P. and {Portell}, J. and {Richards}, P.~J. and {Riello}, M. and {Seabroke}, G.~M. and {Tanga}, P. and {Th{\'e}venin}, F. and {Torra}, J. and {Els}, S.~G. and {Gracia-Abril}, G. and {Comoretto}, G. and {Garcia-Reinaldos}, M. and {Lock}, T. and {Mercier}, E. and {Altmann}, M. and {Andrae}, R. and {Astraatmadja}, T.~L. and {Bellas-Velidis}, I. and {Benson}, K. and {Berthier}, J. and {Blomme}, R. and {Busso}, G. and {Carry}, B. and {Cellino}, A. and {Clementini}, G. and {Cowell}, S. and {Creevey}, O. and {Cuypers}, J. and {Davidson}, M. and {De Ridder}, J. and {de Torres}, A. and {Delchambre}, L. and {Dell'Oro}, A. and {Ducourant}, C. and {Fr{\'e}mat}, Y. and {Garc{\'\i}a-Torres}, M. and {Gosset}, E. and {Halbwachs}, J. -L. and {Hambly}, N.~C. and {Harrison}, D.~L. and {Hauser}, M. and {Hestroffer}, D. and {Hodgkin}, S.~T. and {Huckle}, H.~E. and {Hutton}, A. and {Jasniewicz}, G. and {Jordan}, S. and {Kontizas}, M. and {Korn}, A.~J. and {Lanzafame}, A.~C. and {Manteiga}, M. and {Moitinho}, A. and {Muinonen}, K. and {Osinde}, J. and {Pancino}, E. and {Pauwels}, T. and {Petit}, J. -M. and {Recio-Blanco}, A. and {Robin}, A.~C. and {Sarro}, L.~M. and {Siopis}, C. and {Smith}, M. and {Smith}, K.~W. and {Sozzetti}, A. and {Thuillot}, W. and {van Reeven}, W. and {Viala}, Y. and {Abbas}, U. and {Abreu Aramburu}, A. and {Accart}, S. and {Aguado}, J.~J. and {Allan}, P.~M. and {Allasia}, W. and {Altavilla}, G. and {{\'A}lvarez}, M.~A. and {Alves}, J. and {Anderson}, R.~I. and {Andrei}, A.~H. and {Anglada Varela}, E. and {Antiche}, E. and {Antoja}, T. and {Ant{\'o}n}, S. and {Arcay}, B. and {Atzei}, A. and {Ayache}, L. and {Bach}, N. and {Baker}, S.~G. and {Balaguer-N{\'u}{\~n}ez}, L. and {Barache}, C. and {Barata}, C. and {Barbier}, A. and {Barblan}, F. and {Baroni}, M. and {Barrado y Navascu{\'e}s}, D. and {Barros}, M. and {Barstow}, M.~A. and {Becciani}, U. and {Bellazzini}, M. and {Bellei}, G. and {Bello Garc{\'\i}a}, A. and {Belokurov}, V. and {Bendjoya}, P. and {Berihuete}, A. and {Bianchi}, L. and {Bienaym{\'e}}, O. and {Billebaud}, F. and {Blagorodnova}, N. and {Blanco-Cuaresma}, S. and {Boch}, T. and {Bombrun}, A. and {Borrachero}, R. and {Bouquillon}, S. and {Bourda}, G. and {Bouy}, H. and {Bragaglia}, A. and {Breddels}, M.~A. and {Brouillet}, N. and {Br{\"u}semeister}, T. and {Bucciarelli}, B. and {Budnik}, F. and {Burgess}, P. and {Burgon}, R. and {Burlacu}, A. and {Busonero}, D. and {Buzzi}, R. and {Caffau}, E. and {Cambras}, J. and {Campbell}, H. and {Cancelliere}, R. and {Cantat-Gaudin}, T. and {Carlucci}, T. and {Carrasco}, J.~M. and {Castellani}, M. and {Charlot}, P. and {Charnas}, J. and {Charvet}, P. and {Chassat}, F. and {Chiavassa}, A. and {Clotet}, M. and {Cocozza}, G. and {Collins}, R.~S. and {Collins}, P. and {Costigan}, G. and {Crifo}, F. and {Cross}, N.~J.~G. and {Crosta}, M. and {Crowley}, C. and {Dafonte}, C. and {Damerdji}, Y. and {Dapergolas}, A. and {David}, P. and {David}, M. and {De Cat}, P. and {de Felice}, F. and {de Laverny}, P. and {De Luise}, F. and {De March}, R. and {de Martino}, D. and {de Souza}, R. and {Debosscher}, J. and {del Pozo}, E. and {Delbo}, M. and {Delgado}, A. and {Delgado}, H.~E. and {di Marco}, F. and {Di Matteo}, P. and {Diakite}, S. and {Distefano}, E. and {Dolding}, C. and {Dos Anjos}, S. and {Drazinos}, P. and {Dur{\'a}n}, J. and {Dzigan}, Y. and {Ecale}, E. and {Edvardsson}, B. and {Enke}, H. and {Erdmann}, M. and {Escolar}, D. and {Espina}, M. and {Evans}, N.~W. and {Eynard Bontemps}, G. and {Fabre}, C. and {Fabrizio}, M. and {Faigler}, S. and {Falc{\~a}o}, A.~J. and {Farr{\`a}s Casas}, M. and {Faye}, F. and {Federici}, L. and {Fedorets}, G. and {Fern{\'a}ndez-Hern{\'a}ndez}, J. and {Fernique}, P. and {Fienga}, A. and {Figueras}, F. and {Filippi}, F. and {Findeisen}, K. and {Fonti}, A. and {Fouesneau}, M. and {Fraile}, E. and {Fraser}, M. and {Fuchs}, J. and {Furnell}, R. and {Gai}, M. and {Galleti}, S. and {Galluccio}, L. and {Garabato}, D. and {Garc{\'\i}a-Sedano}, F. and {Gar{\'e}}, P. and {Garofalo}, A. and {Garralda}, N. and {Gavras}, P. and {Gerssen}, J. and {Geyer}, R. and {Gilmore}, G. and {Girona}, S. and {Giuffrida}, G. and {Gomes}, M. and {Gonz{\'a}lez-Marcos}, A. and {Gonz{\'a}lez-N{\'u}{\~n}ez}, J. and {Gonz{\'a}lez-Vidal}, J.~J. and {Granvik}, M. and {Guerrier}, A. and {Guillout}, P. and {Guiraud}, J. and {G{\'u}rpide}, A. and {Guti{\'e}rrez-S{\'a}nchez}, R. and {Guy}, L.~P. and {Haigron}, R. and {Hatzidimitriou}, D. and {Haywood}, M. and {Heiter}, U. and {Helmi}, A. and {Hobbs}, D. and {Hofmann}, W. and {Holl}, B. and {Holland}, G. and {Hunt}, J.~A.~S. and {Hypki}, A. and {Icardi}, V. and {Irwin}, M. and {Jevardat de Fombelle}, G. and {Jofr{\'e}}, P. and {Jonker}, P.~G. and {Jorissen}, A. and {Julbe}, F. and {Karampelas}, A. and {Kochoska}, A. and {Kohley}, R. and {Kolenberg}, K. and {Kontizas}, E. and {Koposov}, S.~E. and {Kordopatis}, G. and {Koubsky}, P. and {Kowalczyk}, A. and {Krone-Martins}, A. and {Kudryashova}, M. and {Kull}, I. and {Bachchan}, R.~K. and {Lacoste-Seris}, F. and {Lanza}, A.~F. and {Lavigne}, J. -B. and {Le Poncin-Lafitte}, C. and {Lebreton}, Y. and {Lebzelter}, T. and {Leccia}, S. and {Leclerc}, N. and {Lecoeur-Taibi}, I. and {Lemaitre}, V. and {Lenhardt}, H. and {Leroux}, F. and {Liao}, S. and {Licata}, E. and {Lindstr{\o}m}, H.~E.~P. and {Lister}, T.~A. and {Livanou}, E. and {Lobel}, A. and {L{\"o}ffler}, W. and {L{\'o}pez}, M. and {Lopez-Lozano}, A. and {Lorenz}, D. and {Loureiro}, T. and {MacDonald}, I. and {Magalh{\~a}es Fernandes}, T. and {Managau}, S. and {Mann}, R.~G. and {Mantelet}, G. and {Marchal}, O. and {Marchant}, J.~M. and {Marconi}, M. and {Marie}, J. and {Marinoni}, S. and {Marrese}, P.~M. and {Marschalk{\'o}}, G. and {Marshall}, D.~J. and {Mart{\'\i}n-Fleitas}, J.~M. and {Martino}, M. and {Mary}, N. and {Matijevi{\v{c}}}, G. and {Mazeh}, T. and {McMillan}, P.~J. and {Messina}, S. and {Mestre}, A. and {Michalik}, D. and {Millar}, N.~R. and {Miranda}, B.~M.~H. and {Molina}, D. and {Molinaro}, R. and {Molinaro}, M. and {Moln{\'a}r}, L. and {Moniez}, M. and {Montegriffo}, P. and {Monteiro}, D. and {Mor}, R. and {Mora}, A. and {Morbidelli}, R. and {Morel}, T. and {Morgenthaler}, S. and {Morley}, T. and {Morris}, D. and {Mulone}, A.~F. and {Muraveva}, T. and {Musella}, I. and {Narbonne}, J. and {Nelemans}, G. and {Nicastro}, L. and {Noval}, L. and {Ord{\'e}novic}, C. and {Ordieres-Mer{\'e}}, J. and {Osborne}, P. and {Pagani}, C. and {Pagano}, I. and {Pailler}, F. and {Palacin}, H. and {Palaversa}, L. and {Parsons}, P. and {Paulsen}, T. and {Pecoraro}, M. and {Pedrosa}, R. and {Pentik{\"a}inen}, H. and {Pereira}, J. and {Pichon}, B. and {Piersimoni}, A.~M. and {Pineau}, F. -X. and {Plachy}, E. and {Plum}, G. and {Poujoulet}, E. and {Pr{\v{s}}a}, A. and {Pulone}, L. and {Ragaini}, S. and {Rago}, S. and {Rambaux}, N. and {Ramos-Lerate}, M. and {Ranalli}, P. and {Rauw}, G. and {Read}, A. and {Regibo}, S. and {Renk}, F. and {Reyl{\'e}}, C. and {Ribeiro}, R.~A. and {Rimoldini}, L. and {Ripepi}, V. and {Riva}, A. and {Rixon}, G. and {Roelens}, M. and {Romero-G{\'o}mez}, M. and {Rowell}, N. and {Royer}, F. and {Rudolph}, A. and {Ruiz-Dern}, L. and {Sadowski}, G. and {Sagrist{\`a} Sell{\'e}s}, T. and {Sahlmann}, J. and {Salgado}, J. and {Salguero}, E. and {Sarasso}, M. and {Savietto}, H. and {Schnorhk}, A. and {Schultheis}, M. and {Sciacca}, E. and {Segol}, M. and {Segovia}, J.~C. and {Segransan}, D. and {Serpell}, E. and {Shih}, I. -C. and {Smareglia}, R. and {Smart}, R.~L. and {Smith}, C. and {Solano}, E. and {Solitro}, F. and {Sordo}, R. and {Soria Nieto}, S. and {Souchay}, J. and {Spagna}, A. and {Spoto}, F. and {Stampa}, U. and {Steele}, I.~A. and {Steidelm{\"u}ller}, H. and {Stephenson}, C.~A. and {Stoev}, H. and {Suess}, F.~F. and {S{\"u}veges}, M. and {Surdej}, J. and {Szabados}, L. and {Szegedi-Elek}, E. and {Tapiador}, D. and {Taris}, F. and {Tauran}, G. and {Taylor}, M.~B. and {Teixeira}, R. and {Terrett}, D. and {Tingley}, B. and {Trager}, S.~C. and {Turon}, C. and {Ulla}, A. and {Utrilla}, E. and {Valentini}, G. and {van Elteren}, A. and {Van Hemelryck}, E. and {van Leeuwen}, M. and {Varadi}, M. and {Vecchiato}, A. and {Veljanoski}, J. and {Via}, T. and {Vicente}, D. and {Vogt}, S. and {Voss}, H. and {Votruba}, V. and {Voutsinas}, S. and {Walmsley}, G. and {Weiler}, M. and {Weingrill}, K. and {Werner}, D. and {Wevers}, T. and {Whitehead}, G. and {Wyrzykowski}, {\L}. and {Yoldas}, A. and {{\v{Z}}erjal}, M. and {Zucker}, S. and {Zurbach}, C. and {Zwitter}, T. and {Alecu}, A. and {Allen}, M. and {Allende Prieto}, C. and {Amorim}, A. and {Anglada-Escud{\'e}}, G. and {Arsenijevic}, V. and {Azaz}, S. and {Balm}, P. and {Beck}, M. and {Bernstein}, H. -H. and {Bigot}, L. and {Bijaoui}, A. and {Blasco}, C. and {Bonfigli}, M. and {Bono}, G. and {Boudreault}, S. and {Bressan}, A. and {Brown}, S. and {Brunet}, P. -M. and {Bunclark}, P. and {Buonanno}, R. and {Butkevich}, A.~G. and {Carret}, C. and {Carrion}, C. and {Chemin}, L. and {Ch{\'e}reau}, F. and {Corcione}, L. and {Darmigny}, E. and {de Boer}, K.~S. and {de Teodoro}, P. and {de Zeeuw}, P.~T. and {Delle Luche}, C. and {Domingues}, C.~D. and {Dubath}, P. and {Fodor}, F. and {Fr{\'e}zouls}, B. and {Fries}, A. and {Fustes}, D. and {Fyfe}, D. and {Gallardo}, E. and {Gallegos}, J. and {Gardiol}, D. and {Gebran}, M. and {Gomboc}, A. and {G{\'o}mez}, A. and {Grux}, E. and {Gueguen}, A. and {Heyrovsky}, A. and {Hoar}, J. and {Iannicola}, G. and {Isasi Parache}, Y. and {Janotto}, A. -M. and {Joliet}, E. and {Jonckheere}, A. and {Keil}, R. and {Kim}, D. -W. and {Klagyivik}, P. and {Klar}, J. and {Knude}, J. and {Kochukhov}, O. and {Kolka}, I. and {Kos}, J. and {Kutka}, A. and {Lainey}, V. and {LeBouquin}, D. and {Liu}, C. and {Loreggia}, D. and {Makarov}, V.~V. and {Marseille}, M.~G. and {Martayan}, C. and {Martinez-Rubi}, O. and {Massart}, B. and {Meynadier}, F. and {Mignot}, S. and {Munari}, U. and {Nguyen}, A. -T. and {Nordlander}, T. and {Ocvirk}, P. and {O'Flaherty}, K.~S. and {Olias Sanz}, A. and {Ortiz}, P. and {Osorio}, J. and {Oszkiewicz}, D. and {Ouzounis}, A. and {Palmer}, M. and {Park}, P. and {Pasquato}, E. and {Peltzer}, C. and {Peralta}, J. and {P{\'e}turaud}, F. and {Pieniluoma}, T. and {Pigozzi}, E. and {Poels}, J. and {Prat}, G. and {Prod'homme}, T. and {Raison}, F. and {Rebordao}, J.~M. and {Risquez}, D. and {Rocca-Volmerange}, B. and {Rosen}, S. and {Ruiz-Fuertes}, M.~I. and {Russo}, F. and {Sembay}, S. and {Serraller Vizcaino}, I. and {Short}, A. and {Siebert}, A. and {Silva}, H. and {Sinachopoulos}, D. and {Slezak}, E. and {Soffel}, M. and {Sosnowska}, D. and {Strai{\v{z}}ys}, V. and {ter Linden}, M. and {Terrell}, D. and {Theil}, S. and {Tiede}, C. and {Troisi}, L. and {Tsalmantza}, P. and {Tur}, D. and {Vaccari}, M. and {Vachier}, F. and {Valles}, P. and {Van Hamme}, W. and {Veltz}, L. and {Virtanen}, J. and {Wallut}, J. -M. and {Wichmann}, R. and {Wilkinson}, M.~I. and {Ziaeepour}, H. and {Zschocke}, S.},
        title = "{The Gaia mission}",
      journal = {\aap},
     keywords = {space vehicles: instruments, Galaxy: structure, astrometry, parallaxes, proper motions, telescopes, Astrophysics - Instrumentation and Methods for Astrophysics},
         year = 2016,
        month = nov,
       volume = {595},
          eid = {A1},
        pages = {A1},
          doi = {10.1051/0004-6361/201629272},
archivePrefix = {arXiv},
       eprint = {1609.04153},
 primaryClass = {astro-ph.IM},
       adsurl = {https://ui.adsabs.harvard.edu/abs/2016A&A...595A...1G},
      adsnote = {Provided by the SAO/NASA Astrophysics Data System}
}

@ARTICLE{2015ApJS..216...29B,
       author = {{Bovy}, Jo},
        title = "{galpy: A python Library for Galactic Dynamics}",
      journal = {\apjs},
     keywords = {galaxies: general, galaxies: kinematics and dynamics, Galaxy: fundamental parameters, Astrophysics - Astrophysics of Galaxies, Astrophysics - Instrumentation and Methods for Astrophysics},
         year = 2015,
        month = feb,
       volume = {216},
       number = {2},
          eid = {29},
        pages = {29},
          doi = {10.1088/0067-0049/216/2/29},
archivePrefix = {arXiv},
       eprint = {1412.3451},
 primaryClass = {astro-ph.GA},
       adsurl = {https://ui.adsabs.harvard.edu/abs/2015ApJS..216...29B},
      adsnote = {Provided by the SAO/NASA Astrophysics Data System}
}

@ARTICLE{2013ApJ...772...67B,
       author = {{Bianchini}, P. and {Varri}, A.~L. and {Bertin}, G. and {Zocchi}, A.},
        title = "{Rotating Globular Clusters}",
      journal = {\apj},
     keywords = {globular clusters: general, globular clusters: individual: NGC 104: 47 Tuc) NGC 5139 ({\ensuremath{\omega}} Cen) NGC 7078 (M15, Astrophysics - Astrophysics of Galaxies},
         year = 2013,
        month = jul,
       volume = {772},
       number = {1},
          eid = {67},
        pages = {67},
          doi = {10.1088/0004-637X/772/1/67},
archivePrefix = {arXiv},
       eprint = {1305.6025},
 primaryClass = {astro-ph.GA},
       adsurl = {https://ui.adsabs.harvard.edu/abs/2013ApJ...772...67B},
      adsnote = {Provided by the SAO/NASA Astrophysics Data System}
}

@ARTICLE{2012A&A...546L...7M,
       author = {{Mastrobuono-Battisti}, A. and {Di Matteo}, P. and {Montuori}, M. and {Haywood}, M.},
        title = "{Clumpy streams in a smooth dark halo: the case of Palomar 5}",
      journal = {\aap},
     keywords = {Galaxy: halo, globular clusters: individual: Palomar 5, Galaxy: evolution, Galaxy: kinematics and dynamics, methods: numerical, Astrophysics - Astrophysics of Galaxies},
         year = 2012,
        month = oct,
       volume = {546},
          eid = {L7},
        pages = {L7},
          doi = {10.1051/0004-6361/201219563},
archivePrefix = {arXiv},
       eprint = {1209.0466},
 primaryClass = {astro-ph.GA},
       adsurl = {https://ui.adsabs.harvard.edu/abs/2012A&A...546L...7M},
      adsnote = {Provided by the SAO/NASA Astrophysics Data System}
}

@ARTICLE{2011MNRAS.417..198V,
       author = {{Varghese}, A. and {Ibata}, R. and {Lewis}, G.~F.},
        title = "{Stellar streams as probes of dark halo mass and morphology: a Bayesian reconstruction}",
      journal = {\mnras},
     keywords = {gravitation, dark matter, Astrophysics - Astrophysics of Galaxies, Astrophysics - Cosmology and Nongalactic Astrophysics},
         year = 2011,
        month = oct,
       volume = {417},
       number = {1},
        pages = {198-215},
          doi = {10.1111/j.1365-2966.2011.19097.x},
archivePrefix = {arXiv},
       eprint = {1106.1765},
 primaryClass = {astro-ph.GA},
       adsurl = {https://ui.adsabs.harvard.edu/abs/2011MNRAS.417..198V},
      adsnote = {Provided by the SAO/NASA Astrophysics Data System}
}

@ARTICLE{2009AJ....137.3378O,
       author = {{Odenkirchen}, Michael and {Grebel}, Eva K. and {Kayser}, Andrea and {Rix}, Hans-Walter and {Dehnen}, Walter},
        title = "{Kinematics of the Tidal Debris of the Globular Cluster Palomar 5}",
      journal = {\aj},
     keywords = {globular clusters: general, globular clusters: individual: Palomar 5, stars: kinematics},
         year = 2009,
        month = feb,
       volume = {137},
       number = {2},
        pages = {3378-3387},
          doi = {10.1088/0004-6256/137/2/3378},
       adsurl = {https://ui.adsabs.harvard.edu/abs/2009AJ....137.3378O},
      adsnote = {Provided by the SAO/NASA Astrophysics Data System}
}

@BOOK{2008gady.book.....B,
       author = {{Binney}, James and {Tremaine}, Scott},
        title = "{Galactic Dynamics: Second Edition}",
         year = 2008,
       adsurl = {https://ui.adsabs.harvard.edu/abs/2008gady.book.....B},
      adsnote = {Provided by the SAO/NASA Astrophysics Data System}
}

@ARTICLE{2006ApJ...643L..17G,
       author = {{Grillmair}, C.~J. and {Dionatos}, O.},
        title = "{Detection of a 63{\textdegree} Cold Stellar Stream in the Sloan Digital Sky Survey}",
      journal = {\apjl},
     keywords = {Galaxy: Halo, Galaxy: Structure, Galaxy: Globular Clusters: General, Astrophysics},
         year = 2006,
        month = may,
       volume = {643},
       number = {1},
        pages = {L17-L20},
          doi = {10.1086/505111},
archivePrefix = {arXiv},
       eprint = {astro-ph/0604332},
 primaryClass = {astro-ph},
       adsurl = {https://ui.adsabs.harvard.edu/abs/2006ApJ...643L..17G},
      adsnote = {Provided by the SAO/NASA Astrophysics Data System}
}

@ARTICLE{2004AJ....127.2753D,
       author = {{Dehnen}, Walter and {Odenkirchen}, Michael and {Grebel}, Eva K. and {Rix}, Hans-Walter},
        title = "{Modeling the Disruption of the Globular Cluster Palomar 5 by Galactic Tides}",
      journal = {\aj},
     keywords = {Galaxy: Halo, Galaxy: Globular Clusters: General, Galaxy: Globular Clusters: Individual: Name: Palomar 5, Methods: N-Body Simulations, Stellar Dynamics, Astrophysics},
         year = 2004,
        month = may,
       volume = {127},
       number = {5},
        pages = {2753-2770},
          doi = {10.1086/383214},
archivePrefix = {arXiv},
       eprint = {astro-ph/0401422},
 primaryClass = {astro-ph},
       adsurl = {https://ui.adsabs.harvard.edu/abs/2004AJ....127.2753D},
      adsnote = {Provided by the SAO/NASA Astrophysics Data System}
}

@ARTICLE{2003AJ....126.2385O,
       author = {{Odenkirchen}, Michael and {Grebel}, Eva K. and {Dehnen}, Walter and {Rix}, Hans-Walter and {Yanny}, Brian and {Newberg}, Heidi Jo and {Rockosi}, Constance M. and {Mart{\'\i}nez-Delgado}, David and {Brinkmann}, Jon and {Pier}, Jeffrey R.},
        title = "{The Extended Tails of Palomar 5: A 10{\textdegree} Arc of Globular Cluster Tidal Debris}",
      journal = {\aj},
     keywords = {Galaxy: Halo, Galaxy: Globular Clusters: General, Galaxy: Globular Clusters: Individual: Name: Palomar 5, Astrophysics},
         year = 2003,
        month = nov,
       volume = {126},
       number = {5},
        pages = {2385-2407},
          doi = {10.1086/378601},
archivePrefix = {arXiv},
       eprint = {astro-ph/0307446},
 primaryClass = {astro-ph},
       adsurl = {https://ui.adsabs.harvard.edu/abs/2003AJ....126.2385O},
      adsnote = {Provided by the SAO/NASA Astrophysics Data System}
}

@ARTICLE{2001Natur.412...49I,
       author = {{Ibata}, Rodrigo and {Irwin}, Michael and {Lewis}, Geraint and {Ferguson}, Annette M.~N. and {Tanvir}, Nial},
        title = "{A giant stream of metal-rich stars in the halo of the galaxy M31}",
      journal = {\nat},
     keywords = {Astrophysics},
         year = 2001,
        month = jul,
       volume = {412},
       number = {6842},
        pages = {49-52},
          doi = {10.1038/35083506},
archivePrefix = {arXiv},
       eprint = {astro-ph/0107090},
 primaryClass = {astro-ph},
       adsurl = {https://ui.adsabs.harvard.edu/abs/2001Natur.412...49I},
      adsnote = {Provided by the SAO/NASA Astrophysics Data System}
}

@ARTICLE{2001ApJ...551..294I,
       author = {{Ibata}, Rodrigo and {Lewis}, Geraint F. and {Irwin}, Michael and {Totten}, Edward and {Quinn}, Thomas},
        title = "{Great Circle Tidal Streams: Evidence for a Nearly Spherical Massive Dark Halo around the Milky Way}",
      journal = {\apj},
     keywords = {Galaxies: Kinematics and Dynamics, Galaxy: Formation, Galaxy: Halo, Galaxy: Kinematics and Dynamics, Galaxy: Structure, Galaxies: Local Group, Astrophysics},
         year = 2001,
        month = apr,
       volume = {551},
       number = {1},
        pages = {294-311},
          doi = {10.1086/320060},
archivePrefix = {arXiv},
       eprint = {astro-ph/0004011},
 primaryClass = {astro-ph},
       adsurl = {https://ui.adsabs.harvard.edu/abs/2001ApJ...551..294I},
      adsnote = {Provided by the SAO/NASA Astrophysics Data System}
}

@ARTICLE{2001MNRAS.322..231K,
       author = {{Kroupa}, Pavel},
        title = "{On the variation of the initial mass function}",
      journal = {\mnras},
     keywords = {BINARIES: GENERAL, STARS: FORMATION, STARS: KINEMATICS, STARS: LUMINOSITY FUNCTION, MASS FUNCTION, GLOBULAR CLUSTERS: GENERAL, OPEN CLUSTERS AND ASSOCIATIONS: GENERAL, Astrophysics},
         year = 2001,
        month = apr,
       volume = {322},
       number = {2},
        pages = {231-246},
          doi = {10.1046/j.1365-8711.2001.04022.x},
archivePrefix = {arXiv},
       eprint = {astro-ph/0009005},
 primaryClass = {astro-ph},
       adsurl = {https://ui.adsabs.harvard.edu/abs/2001MNRAS.322..231K},
      adsnote = {Provided by the SAO/NASA Astrophysics Data System}
}

@ARTICLE{2001ApJ...548L.165O,
       author = {{Odenkirchen}, Michael and {Grebel}, Eva K. and {Rockosi}, Constance M. and {Dehnen}, Walter and {Ibata}, Rodrigo and {Rix}, Hans-Walter and {Stolte}, Andrea and {Wolf}, Christian and {Anderson}, John E., Jr. and {Bahcall}, Neta A. and {Brinkmann}, Jon and {Csabai}, Istv{\'a}n and {Hennessy}, G. and {Hindsley}, Robert B. and {Ivezi{\'c}}, {\v{Z}}eljko and {Lupton}, Robert H. and {Munn}, Jeffrey A. and {Pier}, Jeffrey R. and {Stoughton}, Chris and {York}, Donald G.},
        title = "{Detection of Massive Tidal Tails around the Globular Cluster Palomar 5 with Sloan Digital Sky Survey Commissioning Data}",
      journal = {\apjl},
     keywords = {Galaxy: Halo, Galaxy: Kinematics and Dynamics, Galaxy: Structure, Galaxy: Globular Clusters:: Individual Name: Palomar 5, Astrophysics},
         year = 2001,
        month = feb,
       volume = {548},
       number = {2},
        pages = {L165-L169},
          doi = {10.1086/319095},
archivePrefix = {arXiv},
       eprint = {astro-ph/0012311},
 primaryClass = {astro-ph},
       adsurl = {https://ui.adsabs.harvard.edu/abs/2001ApJ...548L.165O},
      adsnote = {Provided by the SAO/NASA Astrophysics Data System}
}

@ARTICLE{1991RMxAA..22..255A,
       author = {{Allen}, Christine and {Santillan}, Alfredo},
        title = "{An improved model of the galactic mass distribution for orbit computations.}",
      journal = {\rmxaa},
     keywords = {Astronomical Models, Galactic Mass, Mass Distribution, Milky Way Galaxy, Stellar Motions, Dynamic Models, Galactic Rotation, Galactic Structure, Mathematical Models, Astrophysics},
         year = 1991,
        month = oct,
       volume = {22},
        pages = {255},
       adsurl = {https://ui.adsabs.harvard.edu/abs/1991RMxAA..22..255A},
      adsnote = {Provided by the SAO/NASA Astrophysics Data System}
}

@ARTICLE{1990ApJ...356..359H,
       author = {{Hernquist}, Lars},
        title = "{An Analytical Model for Spherical Galaxies and Bulges}",
      journal = {\apj},
     keywords = {Computational Astrophysics, Elliptical Galaxies, Galactic Bulge, Galactic Structure, Astronomical Models, Astronomical Photometry, Brightness Distribution, Distribution Functions, Astrophysics, GALAXIES: PHOTOMETRY, GALAXIES: STRUCTURE},
         year = 1990,
        month = jun,
       volume = {356},
        pages = {359},
          doi = {10.1086/168845},
       adsurl = {https://ui.adsabs.harvard.edu/abs/1990ApJ...356..359H},
      adsnote = {Provided by the SAO/NASA Astrophysics Data System}
}

@ARTICLE{1986RMxAA..13..137A,
       author = {{Allen}, C. and {Martos}, M.~A.},
        title = "{A simple, realistic model of the galactic mass distribution for orbitcomputations.}",
      journal = {\rmxaa},
     keywords = {Galaxy:Mass Distribution, Galaxy:Models, Galaxy:Rotation Curve, Galaxy:Stellar Orbits, Rotation Curve:Galaxy, Stellar Orbits:Galaxy},
         year = 1986,
        month = dec,
       volume = {13},
        pages = {137-147},
       adsurl = {https://ui.adsabs.harvard.edu/abs/1986RMxAA..13..137A},
      adsnote = {Provided by the SAO/NASA Astrophysics Data System}
}

@ARTICLE{1975PASJ...27..533M,
       author = {{Miyamoto}, M. and {Nagai}, R.},
        title = "{Three-dimensional models for the distribution of mass in galaxies.}",
      journal = {\pasj},
     keywords = {Astronomical Models, Density Distribution, Galactic Structure, Mass Distribution, Potential Theory, Three Dimensional Models, Functions (Mathematics), Globular Clusters, Gravitational Effects, Mathematical Models, Milky Way Galaxy, Astrophysics},
         year = 1975,
        month = jan,
       volume = {27},
        pages = {533-543},
       adsurl = {https://ui.adsabs.harvard.edu/abs/1975PASJ...27..533M},
      adsnote = {Provided by the SAO/NASA Astrophysics Data System}
}

